<?xml version="1.0" encoding="UTF-8"?>
<collection xmlns:xsi="http://www.w3.org/2001/XMLSchema-instance" xsi:schemaLocation="http://www.loc.gov/MARC21/slim http://www.loc.gov/standards/marcxml/schema/MARC21slim.xsd" xmlns="http://www.loc.gov/MARC21/slim">
<record>
  <leader>00829mam a2200241ui 4500</leader>
  <controlfield tag="001">3348210</controlfield>
  <controlfield tag="003">NNC</controlfield>
  <controlfield tag="005">20140528141522.0</controlfield>
  <controlfield tag="008">870922s1901    ir           f001 1 arard</controlfield>
  <datafield tag="035" ind1=" " ind2=" ">
    <subfield code="a">(OCoLC)ocm16731168</subfield>
  </datafield>
  <datafield tag="035" ind1=" " ind2=" ">
    <subfield code="9">AVA0385CU</subfield>
  </datafield>
  <datafield tag="035" ind1=" " ind2=" ">
    <subfield code="a">(NNC)3348210</subfield>
  </datafield>
  <datafield tag="040" ind1=" " ind2=" ">
    <subfield code="a">ORZ</subfield>
    <subfield code="c">ORZ</subfield>
  </datafield>
  <datafield tag="050" ind1="1" ind2=" ">
    <subfield code="a">PJ7631</subfield>
  </datafield>
  <datafield tag="100" ind1="0" ind2=" ">
    <subfield code="a">Abū al-Faraj al-Iṣbahānī,</subfield>
    <subfield code="d">897 or 898-967.</subfield>
  </datafield>
  <datafield tag="240" ind1="1" ind2="0">
    <subfield code="a">Kitāb al-aghānī.</subfield>
    <subfield code="k">Selections</subfield>
  </datafield>
  <datafield tag="245" ind1="1" ind2="0">
    <subfield code="a">Muntakhab-i kitāb-i aghānī, barāyi dānishkadihʾhā va sih sāl-i duvvum-i dabīristānʾhā /</subfield>
    <subfield code="c">bih ihtimām-i Muḥammad ʻAlī Khalīlī.</subfield>
  </datafield>
  <datafield tag="260" ind1=" " ind2=" ">
    <subfield code="a">Tihrān :</subfield>
    <subfield code="b">Vizārat-i Farhang,</subfield>
    <subfield code="c">1319 [1901]</subfield>
  </datafield>
  <datafield tag="300" ind1=" " ind2=" ">
    <subfield code="a">209 p. ;</subfield>
    <subfield code="c">22 cm.</subfield>
  </datafield>
  <datafield tag="500" ind1=" " ind2=" ">
    <subfield code="a">Includes index.</subfield>
  </datafield>
  <datafield tag="546" ind1=" " ind2=" ">
    <subfield code="a">Text in Arabic; intro. in Persian.</subfield>
  </datafield>
  <datafield tag="700" ind1="1" ind2=" ">
    <subfield code="a">Khalīlī, Muḥammad ʻAlī.</subfield>
  </datafield>
  <datafield tag="955" ind1=" " ind2=" ">
    <subfield code="b">CU16300602</subfield>
    <subfield code="d">off,glx</subfield>
    <subfield code="e">893.7Isl 034</subfield>
  </datafield>
</record>
</collection>